
%%% CULTURE IN GENERAL

@article{
		lizardo2017,
	    	title = {Improving {Cultural} {Analysis}: {Considering} {Personal} {Culture} in its {Declarative} and {Nondeclarative} {Modes}},
	    	volume = {82},
	    	number = {1},
	   	journal = {American Sociological Review},
	    	author = {Lizardo, Omar},
	    	year = {2017},
	    	pages = {88--115},
}

%%% LANDSCAPES

@article{
		poulsen2023a,
	    	author = {Poulsen, Victor Møller and DeDeo, Simon},
	    	title = {Inferring Cultural Landscapes with the Inverse Ising Model},
        	journal = {Entropy},
        	volume = {25},
        	year = {2023},
        	number = {2},
        	pages = {264},
}

@article{
		poulsen2023b,
	    	author = {Poulsen, Victor Møller and DeDeo, Simon},
	    	title = {Cognitive Attractors and the Cultural Evolution of Religion},
        	journal = {Proceedings of the Annual Meeting of the Cognitive Science Society},
        	volume = {45},
        	year = {2023},
	    	pages = {3418-3423}
}

@book{
		biggods2013,
	  	address = {Princeton},
	  	title = {Big {Gods}: {How} {Religion} {Transformed} {Cooperation} and {Conflict}},
	  	publisher = {Princeton University Press},
	  	author = {Norenzayan, Ara},
	  	year = {2013},
}

@article{
		falandays2021,
   	    	title = {The {Emergence} of {Cultural} {Attractors}: {How} {Dynamic} {Populations} of {Learners} {Achieve} {Collective} {Cognitive} {Alignment}},
	    	volume = {46},
	    	number = {8},
	    	journal = {Cognitive Science},
	    	author = {Falandays, J. Benjamin and Smaldino, Paul E.},
	    	year = {2021},
	    	pages = {e13183},
}

@article{
		kauffman1989,
        	title = {The NK model of rugged fitness landscapes and its application to maturation of the immune response},
        	author = {Stuart A. Kauffman and Edward D. Weinberger},
        	journal = {Journal of Theoretical Biology},
        	year = {1989},
        	volume = {141-2},
        	pages = {211-45},
}

%%% DUALITY

@article{
		breiger1974,
	   	title = {The {Duality} of {Persons} and {Groups}},
	   	volume = {53},
	   	number = {2},
	   	journal = {Social Forces},
	   	author = {Breiger, Ronald L.},
	   	year = {1974},
	   	pages = {181--190},
}

@article{
		wiley1999,
	   	title = {Algebraic {Representations} of {Beliefs} and {Attitudes}: {Partial} {Order} {Models} for {Item} {Responses}},
	   	volume = {29},
	   	number = {1},
	   	journal = {Sociological Methodology},
	   	author = {Wiley, James A. and Martin, John Levi},
	   	year = {1999},
	   	pages = {113--146},
}

@article{
		bv2017,
	   	title = {Belief {Network} {Analysis}: {A} {Relational} {Approach} to {Understanding} the {Structure} of {Attitudes}},
	   	volume = {122},
     		number = {5},
	   	journal = {American Journal of Sociology},
	   	author = {Boutyline, Andrei and Vaisey, Stephen},
	   	year = {2017},
	   	pages = {1371--1447},
}

@article{
		leemartin2018,
    		title = {Doorway to the {Dharma} of {Duality}},
	   	volume = {68},
	   	journal = {Poetics},
	   	author = {Lee, Monica and Martin, John Levi},
	   	year = {2018},
	   	pages = {18--30},
}

%%% CULTURAL SOCIOLOGY: GROUP 1

@article{
		martin2000,
	   	title = {The {Relation} of {Aggregate} {Statistics} on {Beliefs} to {Culture} and {Cognition}},
	   	volume = {28},
	   	number = {1},
	   	journal = {Poetics},
	   	author = {Martin, John Levi},
	   	year = {2000},
	   	pages = {5--20},
}

@article{
		hunzaker2019,
   	   	title = {Mapping {Cultural} {Schemas}: {From} {Theory} to {Method}},
	   	volume = {84},
	   	number = {5},
	   	journal = {American Sociological Review},
	   	author = {Hunzaker, M. B. Fallin and Valentino, Lauren},
	   	year = {2019},
	   	pages = {950--981},
}

@article{
		goldberg2011,
	   	title = {Mapping {Shared} {Understandings} {Using} {Relational} {Class} {Analysis}: {The} {Case} of the {Cultural} {Omnivore} {Reexamined}},
	   	volume = {116},
	   	number = {5},
	   	journal = {American Journal of Sociology},
	   	author = {Goldberg, Amir},
	   	year = {2011},
	   	pages = {1397--1436},
}

@article{
		boutyline2022,
	   	title = {Public {Opinion} {As} {Cognition} in a {Disorganized} {Field}},
	   	volume = {95},
	   	journal = {Poetics},
	   	author = {Boutyline, Andrei},
	   	year = {2022},
	   	pages = {101710},
}

%%% CULTURAL SOCIOLOGY: GROUP 2

@article{
		mark1998,
   	    	title = {Birds of a {Feather} {Sing} {Together}},
	   	volume = {77},
	   	number = {2},
	   	journal = {Social Forces},
	   	author = {Mark, Noah},
	   	year = {1998},
	   	pages = {453--485},
}

@article{
		martin2010,
	   	title = {Political {Position} and {Social} {Knowledge}},
	   	volume = {25},
	   	number = {1},
	   	journal = {Sociological Forum},
	   	author = {Martin, John Levi and Desmond, Matthew},
	   	year = {2010},
	   	pages = {1--26},
}

@article{
		dellaposta2015,
    		title = {Why {Do} {Liberals} {Drink} {Lattes}?},
	   	volume = {120},
	   	number = {5},
	   	journal = {American Journal of Sociology},
	   	author = {DellaPosta, Daniel and Shi, Yongren and Macy, Michael},
	   	year = {2015},
	   	note = {Publisher: University of Chicago Press},
	   	pages = {1473--1511},
}

@article{
		bonikowski2016,
	   	title = {Varieties of {American} {Popular} {Nationalism}},
	   	volume = {81},
	   	number = {5},
	   	journal = {American Sociological Review},
	   	author = {Bonikowski, Bart and DiMaggio, Paul},
	   	year = {2016},
	   	pages = {949--980},
}

@article{
		baldassarri2014,
	   	title = {Neither {Ideologues} {Nor} {Agnostics}: {Alternative} {Voters}’ {Belief} {System} in {An} {Age} of {Partisan} {Politics}},
	   	volume = {120},
	   	number = {1},
	   	journal = {American Journal of Sociology},
	   	author = {Baldassarri, Delia and Goldberg, Amir},
	   	year = {2014},
	   	pages = {45--95},
}

%%% REFERENCE BOOKS AND PAPERS

@book{
		parsons1951,
		address = {New York},
		title = {The {Social} {System}},
		publisher = {Routledge},
		author = {Parsons, Talcott},
		year = {1951},
}

@book{
		zaller1992,
		address = {Cambridge},
		title = {The {Nature} and {Origins} of {Mass} {Opinion}},
		publisher = {Cambridge University Press},
		author = {Zaller, John R.},
		year = {1992},
}

@book{
		alwin2007,
		address = {Hoboken, N.J.},
		title = {Margins of {Error}: {A} {Study} of {Reliability} in {Survey} {Measurement}},
		publisher = {John Wiley \& Sons},
		author = {Alwin, Duane F.},
		year = {2007},
}


%%% DISCUSSION AND CONSIDERATIONS

@article{
		kiley2023,
	   	title = {Predictably Unpredictable: The Dynamic Constraint of Cultural Belief Systems},
	   	journal = {Manuscript in Preparation},
	   	author = {Kiley, Kevin},
	   	year = {2023},
}

@article{
		kiley2020,
	   	title = {Measuring {Stability} and {Change} in {Personal} {Culture} {Using} {Panel} {Data}},
	   	volume = {85},
	   	number = {3},
	   	journal = {American Sociological Review},
	   	author = {Kiley, Kevin and Vaisey, Stephen},
	   	year = {2020},
	   	pages = {477--506},
}

@article{
		lersch2023,
	   	title = {Change in {Personal} {Culture} {Over} the {Life} {Course}},
	   	volume = {88},
	   	number = {2},
	   	journal = {American Sociological Review},
	   	author = {Lersch, Philipp M.},
	   	year = {2023},
	   	pages = {252--283},
}

@article{
		vaisey2016,
	   	title = {Cultural {Fragmentation} or {Acquired} {Dispositions}? {A} {New} {Approach} to {Accounting} for {Patterns} of {Cultural} {Change}},
	   	volume = {2},
	   	journal = {Socius: Sociological Research for a Dynamic World},
	   	author = {Vaisey, Stephen and Lizardo, Omar},
	   	year = {2016},
	   	pages = {1--15},
}

@article{
		alwin1991,
	   	title = {The {Reliability} of {Survey} {Attitude} {Measurement}: {The} {Influence} of {Question} and {Respondent} {Attributes}},
	   	volume = {20},
	   	number = {1},
	   	journal = {Sociological Methods and Research},
	   	author = {Alwin, Duane F. and Krosnick, Jon A.},
	   	year = {1991},
	   	pages = {139--181},
}

@article{
		ansolabehere2008,
	   	title = {The {Strength} of {Issues}: {Using} {Multiple} {Measures} to {Gauge} {Preference} {Stability}, {Ideological} {Constraint}, and {Issue} {Voting}},
	   	volume = {102},
	   	number = {2},
	   	journal = {American Political Science Review},
	   	author = {Ansolabehere, Stephen and Rodden, Jonathan and Snyder, James M.},
	   	year = {2008},
	   	pages = {215--232},
}

@article{
		guhin2021,
	   	title = {Whatever {Happened} to {Socialization}},
	   	volume = {47},
	   	journal = {Annual Review of Sociology},
	   	author = {Guhin, Jeffrey and Calarco, Jessica and Miller-Idriss, Cynthia},
	   	year = {2021},
	   	pages = {109--129},
}

@article{
		keskinturk2022,
		title = {Religious {Belief} {Alignment}: {The} {Structure} of {Cultural} {Beliefs} from {Adolescence} to {Emerging} {Adulthood}},
		volume = {90},
		journal = {Poetics},
		author = {Keskintürk, Turgut},
		year = {2022},
		pages = {101591},
}
